% This file was created with JabRef 2.9.2.
% Encoding: UTF8
%date for evan-center={10.03.2016},
%Videos: Name des Autors, alternativ Username, Titel des Clips, Datum der Aufschaltung des Videos,
%exakte URL sowie Abrufdatum des Clips. 


@MISC{top-five-browser-statistics,
  author = {AWIO WEB SERVICES LLC.},
  title = {Web {Browser} {Market} {Share}},
  howpublished = {Webseite},
  note = {Online einsehbar unter \url{https://www.w3counter.com/globalstats.php?year=2016&month=5} - abgerufen am 06. Juni 2016}
}



@online{washington-evaluation,
title = {Evaluating {Programming} {Languages}},
author={Alan Borning, Harr Chen, Ken Yasuhara},
date = {2002},
url = {http://courses.cs.washington.edu/courses/cse341/02sp/concepts/evaluating-languages.html},
note={abgerufen am 4. Juni 2016}
}

@online{elm-docs,
title = {From {JavaScript}?},
author={Evan Czaplicki},
date = {4. Juni 2015},
url = {http://elm-lang.org/docs/from-javascript},
note={abgerufen am 5. Mai 2016}
}

@online{web-programming-restarted,
title = {Blazing {Fast} {HTML}},
author={Evan Czaplicki},
date = {23. Juli 2014},
url = {http://elm-lang.org/blog/blazing-fast-html},
note={abgerufen am 3. Mai 2016}
}

@online{elm-no-runtime-errors,
title = {Elm Packages},
author={Evan Czaplicki},
url = {http://elm-lang.org/},
note={abgerufen am 1. Mai 2016}
}

@online{evan-center,
author = {Evan Czaplicki},
title={Erlang {Factory} {SF} 2016 {Keynote} {Phoenix} and {Elm} – {Making} the {Web} {Functional}},
month={März},
organization={Youtube},
year={2016},
pages={29:01-30:35},
url={https://www.youtube.com/watch?v=XJ9ckqCMiKk},
note={abgerufen am 20. Juni 2016}
}


@thesis{evan-thesis,
author = {Evan Czaplicki},
title = {Elm: {Concurrent} {FRP} for {Functional} {GUIs}},
institution = {Harvard University},
year={2012},
month={April},
url={https://www.seas.harvard.edu/sites/default/files/files/archived/Czaplicki.pdf}
}

@article{elm-performance,
  author = {Evan Czaplicki},
  title = {TodoMVC Benchmark},
  journal = {Blazing Fast HTML Virtual DOM in Elm},
  year = {2014},
  month = {Juli},
  keywords = {elm;performance;elm-performance;todomvc;}
}

@article{elm-performance-own,
  author = {Evan Czaplicki},
  title = {TodoMVC {Benchmark}},
  journal = {Blazing Fast HTML Virtual DOM in Elm},
  url = {https://evancz.github.io/todomvc-perf-comparison/}
  year = {2014},
  month = {Juli}
}

@online{feldman-no-errors,
title = {Richard {Feldman} - {Introduction} to {Elm}},
author={Richard Feldman},
date = {22. März, 2016},
pages={41:18},
url = {https://www.youtube.com/watch?v=zBHB9i8e3Kc},
organization={Youtube},
note={abgerufen am 2. Mai 2016}
}

@book{rekursive-funktion,
  title={Grundlagen der {Informatik}},
  author={Helmut Herold, Bruno Lurz, Jürgen Wohlrab},
  year={2007},
  publisher={Pearson Studium},
  ISBN={978-3-8273-7305-2},
  pages={195}
}

@online{algebraische-datentypen,
title = {Algebraische {Datentypen}},
author={Berthold Hoffmann},
date = {24. November 2009},
url = {http://www.informatik.uni-bremen.de/agbkb/lehre/pi3/folien/Algebraisch.pdf},
note={abgerufen am 4. Mai 2016}
}

@online{referentielle-transparenz,
title = {Einführung in die {Funktionale} {Programmierung} mit {Haskell} für {Studierende} mit {Nebenfach} {Informatik}},
author={Dr. Steffen Jost},
date = {17. April 2013},
url = {https://www.tcs.ifi.lmu.de/lehre/ss-2013/efpn/efp-material/folien-01-motivation-und-planung},
note={abgerufen am 30. Juni 2016}
}

@article{definition-programmierparadigmen,
  author = {Prof. Dr. Uwe Kastens},
  title = {Programmierparadigma},
  note={Online einsehbar unter \url{http://www.enzyklopaedie-der-wirtschaftsinformatik.de/lexikon/technologien-methoden/Sprache/Programmiersprache/Paradigma} - abgerufen am 29. Mai 2016},
  year = {2013},
  month = {September}
}

@article{framework-sizes,
  author = {Anton Vynogradenko},
  title = {Sizes of {J}{S} frameworks, just minified + minified and gzipped},
  note={Online einsehbar unter \url{https://gist.github.com/Restuta/cda69e50a853aa64912d} - abgerufen am 23. Juni 2016},
  year = {2016},
  month = {Januar}
}




@MISC{builtwithelm,
  author = {Luke Westby},
  title = {builtwithelm},
  year = {2015},
  month = {Dezember},
  day = {10},
  howpublished = {Webseite},
  note = {Online einsehbar unter \url{http://builtwithelm.co/} - abgerufen am 07. Juni 2016}
}


@online{semantic-versioning,
title = {elm-package - {Command} line tool to share {Elm} libraries},
url = {https://github.com/elm-lang/elm-package},
note={abgerufen am 20. Juni 2016 unter}
}


@online{elm-github-issues,
title = {Github {Elm}-{Issues}},
date = {21. Juni, 2016},
url = {https://github.com/search?q=language%3Aelm&ref=opensearch&type=Issues}
}

@online{slack-user,
title = {Elm-{Slack} {Nutzer}},
date = {21. Juni, 2016},
url = {http://elmlang.herokuapp.com/}
}


@online{elm-repositories,
title = {Github {Elm}-{Repositories}},
date = {21. Juni, 2016},
url = {https://github.com/search?utf8=%E2%9C%93&q=language%3Aelm&type=Repositories&ref=searchresults}
}

@online{elm-package,
title = {Elm {Packages}},
date = {21. Juni, 2016},
url = {http://package.elm-lang.org/},
note={abgerufen am 21. Juni 2016}
}

@online{elm-stackoverflow,
title = {stackoverflow - {Elm} tagged questions},
date = {21. Juni, 2016},
url = {http://stackoverflow.com/questions/tagged/elm},
note={abgerufen am 21. Juni 2016}
}

